@article{gentleman2007,
  title={Statistical analyses and reproducible research},
  author={Gentleman, Robert and Temple Lang, Duncan},
  journal={Journal of Computational and Graphical Statistics},
  volume={16},
  number={1},
  pages={1--23},
  year={2007},
  publisher={Taylor \& Francis}
}

@article{brinckman2019,
  title={Computing environments for reproducibility: Capturing the “Whole Tale”},
  author={Brinckman, Adam and Chard, Kyle and Gaffney, Niall and Hategan, Mihael and Jones, Matthew B and Kowalik, Kacper and Kulasekaran, Sivakumar and Lud{\"a}scher, Bertram and Mecum, Bryce D and Nabrzyski, Jarek and others},
  journal={Future Generation Computer Systems},
  volume={94},
  pages={854--867},
  year={2019},
  publisher={Elsevier}
}

@inproceedings{chard2019,
 author = {Chard, Kyle and Gaffney, Niall and Jones, Matthew B. and Kowalik, Kacper and Lud\"{a}scher, Bertram and Nabrzyski, Jarek and Stodden, Victoria and Taylor, Ian and Turk, Matthew J. and Willis, Craig},
 title = {Implementing Computational Reproducibility in the Whole Tale Environment},
 booktitle = {Proceedings of the 2Nd International Workshop on Practical Reproducible Evaluation of Computer Systems},
 series = {P-RECS '19},
 year = {2019},
 isbn = {978-1-4503-6756-1},
 location = {Phoenix, AZ, USA},
 pages = {17--22},
 numpages = {6},
 url = {http://doi.acm.org/10.1145/3322790.3330594},
 doi = {10.1145/3322790.3330594},
 acmid = {3330594},
 publisher = {ACM},
 address = {New York, NY, USA},
 keywords = {computing environments, cyberinfrastructure, open code, open data, publishing standards, reproducibility},
} 


@inproceedings{mecum2018,
  title={Preserving Reproducibility: Provenance and Executable Containers in DataONE Data Packages},
  author={Mecum, Bryce and Jones, Matthew B and Vieglais, Dave and Willis, Craig},
  booktitle={2018 IEEE 14th International Conference on e-Science (e-Science)},
  pages={45--49},
  year={2018},
  organization={IEEE}
}

@inproceedings{chard2016, 
author={K. {Chard} and M. {D'Arcy} and B. {Heavner} and I. {Foster} and C. {Kesselman} and R. {Madduri} and A. {Rodriguez} and S. {Soiland-Reyes} and C. {Goble} and K. {Clark} and E. W. {Deutsch} and I. {Dinov} and N. {Price} and A. {Toga}}, 
booktitle={2016 IEEE International Conference on Big Data (Big Data)}, 
title={I'll take that to go: Big data bags and minimal identifiers for exchange of large, complex datasets}, 
year={2016}, 
volume={}, 
number={}, 
pages={319-328}, 
keywords={Big Data;data analysis;Big Data bags;data assembling;datasets;data collections;BDBags;data descriptions;identifiers;Minids;Big Data analysis;Big Data sharing;research objects;Big data;Metadata;Payloads;Robustness;Uniform resource locators;Encoding;Software}, 
doi={10.1109/BigData.2016.7840618}, 
ISSN={}, 
month={Dec},}


@misc{london2018,
  author = {Josh M. {London} and Devin S. {Johnson}},
  title = {Alaska bearded and spotted seal example dataset and analysis},
  year = {2019},
  publisher = {GitHub},
  journal = {GitHub repository},
  howpublished = {\url{https://github.com/jmlondon/crwexampleakbs}}
}

@misc{cameron2018,
  author = {Michael {Cameron} and Josh {London} and Kathy {Frost} and Alex {Whiting} and Peter {Boveng}},
  title = {Satellite Telemetry Dataset (Raw): Juvenile Bearded and Spotted Seals, 2004-2006, Kotzebue, Alaska},
  year = {2018},
  publisher = {Research Workspace},
  doi={10.24431/rw1k118}
}

@article{boettiger2018,
  author    = {Carl Boettiger and
               Dirk Eddelbuettel},
  title     = {An Introduction to Rocker: Docker Containers for {R}},
  journal   = {CoRR},
  volume    = {abs/1710.03675},
  year      = {2017},
  url       = {http://arxiv.org/abs/1710.03675},
  archivePrefix = {arXiv},
  eprint    = {1710.03675},
  timestamp = {Mon, 13 Aug 2018 16:48:04 +0200},
  biburl    = {https://dblp.org/rec/bib/journals/corr/abs-1710-03675},
  bibsource = {dblp computer science bibliography, https://dblp.org}
}

@article{christian2018,
  title={Operationalizing the Replication Standard.},
  author={Christian, Thu-Mai and Lafferty-Hess, Sophia and Jacoby, William G and Carsey, Thomas},
  journal={IJDC},
  volume={13},
  number={1},
  pages={114--124},
  year={2018}
}

@article{freire2008,
 author = {Freire, Juliana and Koop, David and Santos, Emanuele and Silva, Cl\'{a}udio T.},
 title = {Provenance for Computational Tasks: A Survey},
 journal = {Computing in Science and Engg.},
 issue_date = {May 2008},
 volume = {10},
 number = {3},
 month = may,
 year = {2008},
 issn = {1521-9615},
 pages = {11--21},
 numpages = {11},
 url = {http://dx.doi.org/10.1109/MCSE.2008.79},
 doi = {10.1109/MCSE.2008.79},
 acmid = {1399195},
 publisher = {IEEE Educational Activities Department},
 address = {Piscataway, NJ, USA},
 keywords = {VisTrails, data visualization, provenance, provenance, data visualization, VisTrails},
}
